@article {malfatti_1803,
    TITLE = {Memoria sopra un problema stereotomico},
    AUTHOR = {Malfatti, Gian Francesco},
    YEAR = {1803},
    PAGES = {235-244},
    JOURNAL = {Memorie di Matematica e di Fisica della Società Italiana delle Scienze},
    VOLUME = {10},
}

@article {steiner_1826,
    TITLE = {Einige geometrische Betrachtungen},
    AUTHOR = {Steiner, Jakub},
    YEAR = {1826},
    PAGES = {161–-184, 252--288},
    JOURNAL = {Journal für die reine und angewandte Mathematik},
    VOLUME = {10},
}

@article {lehmus_1819,
    TITLE = {Lechmütz, C. L. (1819), "Solution nouvelle du problème où il s'agit d'inscrire à un triangle donne quelconque trois cercles tels que chacun d'eux touche les deux autres et deux côtés du triangle", Géométrie mixte, Annales de Mathématiques Pures et Appliquées, 10: 289–298.},
    AUTHOR = {Lechmutz, C?},
    YEAR = {?},
    PAGES = {?},
    JOURNAL = {?},
    VOLUME = {?},
}

@article {catalan_1846,
    TITLE = {Catalan, E. (1846), "Note sur le problème de Malfatti", Nouvelles Annales de Mathématiques, 5: 60–64.},
    AUTHOR = {Catalan, E?},
    YEAR = {?},
    PAGES = {?},
    JOURNAL = {?},
    VOLUME = {?},
}

@article {adams_1846,
    TITLE = {Das Malfattische Problem, Winterthür: Druck und Verlag der Steiner'schen Buchhandlung, hdl:2027/miun.abv4116.0001.001.},
    AUTHOR = {Adams, C?},
    YEAR = {1846},
    PAGES = {?},
    JOURNAL = {?},
    VOLUME = {?},
}

@article {derousseau_1895,
    TITLE = {Derousseau, J. (1895), "Historique et résolution analytique complète du problème de Malfatti", Mémoires de la Société Royale des Sciences de Liège, 2nd ser., 18: 1–52.},
    AUTHOR = {Derousseau, J?},
    YEAR = {1895},
    PAGES = {?},
    JOURNAL = {?},
    VOLUME = {?},
}

@article {pampuch_1904,
    TITLE = {Pampuch, A. (1904), "Die 32 Lösungen des Malfatisschen Problems", Archiv der Mathematik und Physik, 3rd ser., 8 (1): 36–49.},
    AUTHOR = {Pampuch, A?},
    YEAR = {1904},
    PAGES = {?},
    JOURNAL = {?},
    VOLUME = {?},
}


@article {lob_richmond_1930,
    TITLE = {Lob, H.; Richmond, H. W. (1930), "On the Solutions of Malfatti's Problem for a Triangle", Proceedings of the London Mathematical Society, 2nd ser., 30 (1): 287–304, doi:10.1112/plms/s2-30.1.287.},
    AUTHOR = {Lob, H? and Richmond, H? W?},
    YEAR = {1930},
    PAGES = {?},
    JOURNAL = {?},
    VOLUME = {?},
}

@book {evelyn_money_coutts_tyrrell_1974,
    TITLE = {The Seven Circles Theorem and Other New Theorems},
    AUTHOR = {Evelyn, Cecil John Alvin and Money-Coutts, Godfrey Burdett and Tyrrell, John Alfred},
    YEAR = {1974},
    PUBLISHER = {London: {S}tacey {I}nternational},
    ISBN = {9780950330402},
}

@article {ivanov_tabachnikov_2016,
    TITLE = {The six circles theorem revisited},
    AUTHOR = {Iwanow, Denis and Tabacznikow, Siergiej},
    YEAR = {2016},
    JOURNAL = {American Mathematical Monthly},
    VOLUME = {123},
    NUMBER = {7},
    PAGES = {689--698},
}

@book {neugebauer_2018,
    TITLE = {Planimetria},
    AUTHOR = {Neugebauer, Adam and Bogdańska, Beata},
    YEAR = {2018},
    PUBLISHER = {Omega},
    ISBN = {9788372677112},
}